<record><leader>00000cas a22000007a 4500</leader><controlfield tag="001">9787587</controlfield><controlfield tag="008">830808d185118uuscuwr ne      0    0eng d</controlfield><datafield ind1=" " ind2=" " tag="010"><subfield code="a">sn 83025766 </subfield></datafield><datafield ind1=" " ind2=" " tag="040"><subfield code="a">NPV</subfield><subfield code="b">eng</subfield><subfield code="c">NPV</subfield><subfield code="d">NPX</subfield><subfield code="d">SVN</subfield><subfield code="d">NVK</subfield><subfield code="d">OCL</subfield><subfield code="d">OCLCF</subfield><subfield code="d">OCLCO</subfield></datafield><datafield ind1=" " ind2=" " tag="042"><subfield code="a">msc</subfield></datafield><datafield ind1=" " ind2=" " tag="045"><subfield code="a">w5w-</subfield></datafield><datafield ind1=" " ind2="4" tag="050"><subfield code="a">AP2</subfield><subfield code="b">.I3624</subfield></datafield><datafield ind1=" " ind2=" " tag="052"><subfield code="a">3913</subfield><subfield code="b">R5</subfield></datafield><datafield ind1="0" ind2="0" tag="245"><subfield code="a">Illustrated family friend.</subfield></datafield><datafield ind1="0" ind2="3" tag="246"><subfield code="a">Family friend</subfield></datafield><datafield ind1=" " ind2=" " tag="260"><subfield code="a">Columbia, S.C. :</subfield><subfield code="b">S.A. Godman &amp; J.J. Lyons,</subfield><subfield code="c">1851-</subfield></datafield><datafield ind1=" " ind2=" " tag="300"><subfield code="a">v. :</subfield><subfield code="b">ill. ;</subfield><subfield code="c">74 cm.</subfield></datafield><datafield ind1=" " ind2=" " tag="310"><subfield code="a">Weekly</subfield></datafield><datafield ind1="0" ind2=" " tag="362"><subfield code="a">Vol. 1, no. 1 (Nov. 8, 1851)-</subfield></datafield><datafield ind1=" " ind2=" " tag="500"><subfield code="a">Publisher varies: Steuart Adair Godman, &lt; June 1852&gt;-</subfield></datafield><datafield ind1=" " ind2="0" tag="651"><subfield code="a">Columbia (S.C.)</subfield><subfield code="v">Newspapers.</subfield></datafield><datafield ind1=" " ind2="7" tag="655"><subfield code="a">Newspapers.</subfield><subfield code="2">fast</subfield><subfield code="0">(OCoLC)fst01423814</subfield></datafield><datafield ind1=" " ind2="7" tag="651"><subfield code="a">South Carolina</subfield><subfield code="z">Columbia.</subfield><subfield code="2">fast</subfield><subfield code="0">(OCoLC)fst01206785</subfield></datafield><datafield ind1=" " ind2=" " tag="752"><subfield code="a">United States</subfield><subfield code="b">South Carolina</subfield><subfield code="c">Richland</subfield><subfield code="d">Columbia.</subfield></datafield></record>